<?xml version="1.0" encoding="UTF-8"?><collection xmlns="http://www.loc.gov/MARC21/slim"><record><leader>00328nam--2200121-i-4500</leader><controlfield tag="001">000003933</controlfield><controlfield tag="002">20161230</controlfield><controlfield tag="005">20161230201025</controlfield><controlfield tag="008">060222s1000------------r-----000-0-eng-d</controlfield><datafield ind1=" " ind2=" " tag="080"><subfield code="a">66.092</subfield></datafield><datafield ind1=" " ind2=" " tag="245"><subfield code="a">Calauza muncitorului din instalatia de cracare a gazului metan</subfield></datafield><datafield ind1=" " ind2=" " tag="260"><subfield code="a">Bucuresti,Idt.,/F.A./ 59-72 P.(Figuri)</subfield></datafield><datafield ind1=" " ind2=" " tag="852"><subfield code="a">26870</subfield></datafield></record></collection>